<?xml version="1.0" encoding="UTF-8"?><record xmlns="http://www.loc.gov/MARC21/slim" xmlns:cinclude="http://apache.org/cocoon/include/1.0" xmlns:zs="http://www.loc.gov/zing/srw/">
  <leader>00378nz  a2200145n  4500</leader>
  <controlfield tag="001">no2003085109</controlfield>
  <controlfield tag="003">DLC</controlfield>
  <controlfield tag="005">20030826051840.0</controlfield>
  <controlfield tag="008">030825n| acannaabn          |n aaa     c</controlfield>
  <datafield tag="010" ind1=" " ind2=" ">
    <subfield code="a">no2003085109</subfield>
  </datafield>
  <datafield tag="035" ind1=" " ind2=" ">
    <subfield code="a">(OCoLC)oca06136267</subfield>
  </datafield>
  <datafield tag="040" ind1=" " ind2=" ">
    <subfield code="a">MnMN</subfield>
    <subfield code="b">eng</subfield>
    <subfield code="c">MnMN</subfield>
  </datafield>
  <datafield tag="053" ind1=" " ind2="0">
    <subfield code="a">PS3611.R4</subfield>
  </datafield>
  <datafield tag="100" ind1="1" ind2=" ">
    <subfield code="a">Krawczyk, Ursula</subfield>
  </datafield>
  <datafield tag="670" ind1=" " ind2=" ">
    <subfield code="a">Her Jasper's neighborhood, c2000:</subfield>
    <subfield code="b">t.p. (Ursula Krawczyk)</subfield>
  </datafield>
</record>